<record><leader>00000cas a2200000 a 4500</leader><controlfield tag="001">11230958</controlfield><controlfield tag="008">841005d19221933ksuwr ne      0   a0eng d</controlfield><datafield ind1=" " ind2=" " tag="010"><subfield code="a">sn 84029816 </subfield></datafield><datafield ind1=" " ind2=" " tag="040"><subfield code="a">KSH</subfield><subfield code="b">eng</subfield><subfield code="c">KSH</subfield><subfield code="d">NPT</subfield><subfield code="d">OCL</subfield><subfield code="d">OCLCQ</subfield></datafield><datafield ind1=" " ind2=" " tag="042"><subfield code="a">msc</subfield></datafield><datafield ind1="0" ind2="4" tag="245"><subfield code="a">The Ford progress.</subfield></datafield><datafield ind1=" " ind2=" " tag="260"><subfield code="a">Ford, Kan. :</subfield><subfield code="b">Horace L. Fry,</subfield><subfield code="c">1922-1933.</subfield></datafield><datafield ind1=" " ind2=" " tag="300"><subfield code="a">11 v. :</subfield><subfield code="b">ill. ;</subfield><subfield code="c">55 cm.</subfield></datafield><datafield ind1=" " ind2=" " tag="310"><subfield code="a">Weekly</subfield></datafield><datafield ind1="0" ind2=" " tag="362"><subfield code="a">Vol. 1, no. 1 (Oct. 20, 1922)-v. 11, no. 23 (Apr. 28, 1933).</subfield></datafield><datafield ind1=" " ind2=" " tag="500"><subfield code="a">Published at Spearville, Kan., Feb. 23, 1923-Dec. 27, 1929.</subfield></datafield><datafield ind1=" " ind2=" " tag="500"><subfield code="a">Published: Dodge City, Kan. : M.T. Paehne, Jan. 3-May 16, 1930.</subfield></datafield><datafield ind1=" " ind2=" " tag="500"><subfield code="a">Published: Spearville, Kan. : M.T. Paehne, May 23, 1930; R.W. Simpson, May 30, 1930-Jan. 2, 1931.</subfield></datafield><datafield ind1=" " ind2=" " tag="500"><subfield code="a">"Independent."</subfield></datafield><datafield ind1=" " ind2=" " tag="752"><subfield code="a">United States</subfield><subfield code="b">Kansas</subfield><subfield code="c">Ford</subfield><subfield code="d">Ford.</subfield></datafield><datafield ind1=" " ind2=" " tag="752"><subfield code="a">United States</subfield><subfield code="b">Kansas</subfield><subfield code="c">Ford</subfield><subfield code="d">Spearville.</subfield></datafield><datafield ind1=" " ind2=" " tag="752"><subfield code="a">United States</subfield><subfield code="b">Kansas</subfield><subfield code="c">Ford</subfield><subfield code="d">Dodge City.</subfield></datafield></record>